%% This BibTeX bibliography file was created using BibDesk.
%% http://bibdesk.sourceforge.net/


%% Created for Jean Fromentin at 2014-11-03 10:12:34 +0100 


%% Saved with string encoding Unicode (UTF-8) 



@misc{code,
	Author = {Fromentin, J. and Hivert, F.},
	Date-Added = {2014-11-03 08:59:08 +0000},
	Date-Modified = {2014-11-03 09:02:44 +0000},
	Howpublished = {\url{https://github.com/jfromentin/nsgtree}}}

@article{Wilf,
	Author = {Wilf, H. S.},
	Date-Added = {2014-10-24 15:51:13 +0000},
	Date-Modified = {2014-11-03 09:03:11 +0000},
	Fjournal = {The American Mathematical Monthly},
	Issn = {0002-9890},
	Journal = {Amer. Math. Monthly},
	Mrclass = {10A30 (05A17 68A10)},
	Mrnumber = {0556658 (58 \#27728)},
	Mrreviewer = {Dennis White},
	Number = {7},
	Pages = {562--565},
	Title = {A circle-of-lights algorithm for the ``money-changing problem''},
	Volume = {85},
	Year = {1978}}

@misc{WikipediaTB,
	Author = {Wikipedia},
	Date-Added = {2014-10-24 15:49:32 +0000},
	Date-Modified = {2014-10-24 16:02:11 +0000},
	Howpublished = {\url{http://en.wikipedia.org/wiki/Intel_Turbo_Boost}},
	Key = {Wikipedia},
	Organization = {Wikipedia},
	Title = {Turbo Boost},
	Year = {2014},
	Bdsk-Url-1 = {http://en.wikipedia.org/wiki/SIMD}}

@misc{WikipediaHT,
	Author = {Wikipedia},
	Date-Added = {2014-10-24 15:48:54 +0000},
	Date-Modified = {2014-10-24 16:04:11 +0000},
	Howpublished = {\url{http://en.wikipedia.org/wiki/Hyper-Threading}},
	Key = {Wikipedia},
	Organization = {Wikipedia},
	Title = {Hyper-Threading},
	Year = {2014},
	Bdsk-Url-1 = {http://en.wikipedia.org/wiki/SIMD}}

@misc{AVX2,
	Author = {Wikipedia},
	Date-Added = {2014-10-24 15:47:52 +0000},
	Date-Modified = {2014-10-24 16:05:52 +0000},
	Howpublished = {\url{http://en.wikipedia.org/wiki/Advanced_Vector_Extensions}},
	Key = {Wikipedia},
	Organization = {Wikipedia},
	Title = {Advanced Vector Extension},
	Year = {2014},
	Bdsk-Url-1 = {http://en.wikipedia.org/wiki/SIMD}}

@article{Borie,
	Author = {Borie, N.},
	Date-Added = {2014-10-24 15:41:26 +0000},
	Date-Modified = {2014-11-03 09:06:35 +0000},
	Editor = {DMTCS Proceedings},
	Journal = {Proceeding of The 25th International Conference on Formal Power Series and Algebraic Combinatorics (FPSAC '13)},
	Pages = {767--778},
	Publisher = {N.~Borie},
	Title = {Generation modulo the action of a permutation group},
	Year = {2013}}

@misc{NumericalSgps,
	Author = {Delgado, M. and  Garcia-S{\'a}nchez, P. A. and Morais, J.},
	Date-Added = {2013-05-05 19:39:05 +0000},
	Date-Modified = {2014-11-03 09:11:01 +0000},
	Howpublished = {\url{http://cmup.fc.up.pt/cmup/mdelgado/numericalsgps}},
	Title = {{NumericalSgps -- GAP package, Version 0.971}},
	Year = 2011,
	Bdsk-Url-1 = {%5Cverb+(http://www.gap-system.org)+}}

@article{Rosales,
	Author = {Rosales, J. C.},
	Coden = {LAAPAW},
	Doi = {10.1016/j.laa.2005.03.014},
	Fjournal = {Linear Algebra and its Applications},
	Issn = {0024-3795},
	Journal = {Linear Algebra Appl.},
	Mrclass = {20M14 (11D75)},
	Mrnumber = {2148170 (2006b:20086)},
	Mrreviewer = {Valentina Barucci},
	Pages = {200--208},
	Title = {Fundamental gaps of numerical semigroups generated by two elements},
	Url = {http://dx.doi.org/10.1016/j.laa.2005.03.014},
	Volume = {405},
	Year = {2005},
	Bdsk-Url-1 = {http://dx.doi.org/10.1016/j.laa.2005.03.014}}

@misc{GAP,
	Date-Added = {2013-05-05 19:35:13 +0000},
	Date-Modified = {2014-10-24 16:06:42 +0000},
	Howpublished = {\url{www.gap-system.org}},
	Key = {GAP},
	Organization = {The GAP~Group},
	Title = {{\textnormal{GAP} -- Groups, Algorithms, and Programming, Version 4.6.3}},
	Year = 2013,
	Bdsk-Url-1 = {%5Cverb+(http://www.gap-system.org)+}}

@article{Froberg,
	Author = {Fr{\"o}berg, R. and Gottlieb, C. and H{\"a}ggkvist, R.},
	Coden = {SMGFAN},
	Date-Added = {2013-03-29 20:42:02 +0000},
	Date-Modified = {2013-03-29 20:42:09 +0000},
	Doi = {10.1007/BF02573091},
	Fjournal = {Semigroup Forum},
	Issn = {0037-1912},
	Journal = {Semigroup Forum},
	Mrclass = {20M14 (11B13)},
	Mrnumber = {880351 (88d:20092)},
	Mrreviewer = {John M. Howie},
	Number = {1},
	Pages = {63--83},
	Title = {On numerical semigroups},
	Url = {http://dx.doi.org/10.1007/BF02573091},
	Volume = {35},
	Year = {1987},
	Bdsk-Url-1 = {http://dx.doi.org/10.1007/BF02573091}}

@article{Elizalde,
	Author = {Elizalde, S.},
	Coden = {JPAAA2},
	Date-Modified = {2014-11-03 09:06:57 +0000},
	Doi = {10.1016/j.jpaa.2009.12.031},
	Fjournal = {Journal of Pure and Applied Algebra},
	Issn = {0022-4049},
	Journal = {J. Pure Appl. Algebra},
	Mrclass = {20M14 (05A15)},
	Mrnumber = {2608114 (2011i:20088)},
	Number = {10},
	Pages = {1862--1873},
	Title = {Improved bounds on the number of numerical semigroups of a given genus},
	Url = {http://dx.doi.org/10.1016/j.jpaa.2009.12.031},
	Volume = {214},
	Year = {2010},
	Bdsk-Url-1 = {http://dx.doi.org/10.1016/j.jpaa.2009.12.031}}

@book{BookNS,
	Address = {New York},
	Author = {Rosales, J. C. and Garc{\'{\i}}a-S{\'a}nchez, P. A.},
	Doi = {10.1007/978-1-4419-0160-6},
	Isbn = {978-1-4419-0159-0},
	Mrclass = {20M14},
	Mrnumber = {2549780 (2010j:20091)},
	Pages = {x+181},
	Publisher = {Springer},
	Series = {Developments in Mathematics},
	Title = {Numerical semigroups},
	Url = {http://dx.doi.org/10.1007/978-1-4419-0160-6},
	Volume = {20},
	Year = {2009},
	Bdsk-Url-1 = {http://dx.doi.org/10.1007/978-1-4419-0160-6}}

@misc{OEIS,
	Author = {Sloane, N. J. A.},
	Date-Added = {2013-03-29 20:35:02 +0000},
	Date-Modified = {2014-11-03 09:12:34 +0000},
	Howpublished = {\url{http://oeis.org/}},
	Title = {The On-Line Encyclopedia of Integer Sequences},
	Bdsk-Url-1 = {http://oeis.org/}}

@misc{Delgado,
	Author = {Delgado, M.},
	Date-Added = {2013-03-29 20:30:30 +0000},
	Date-Modified = {2014-11-03 09:06:46 +0000},
	Howpublished = {\url{http://cmup.fc.up.pt/cmup/mdelgado/numbers/}},
	Title = {Homepage},
	Bdsk-Url-1 = {http://cmup.fc.up.pt/cmup/mdelgado/numbers/}}

@article{BrasAmoros2008,
	Author = {Bras-Amor{\'o}s, M.},
	Coden = {SMGFAN},
	Date-Added = {2013-02-12 09:00:46 +0000},
	Date-Modified = {2014-11-03 09:09:49 +0000},
	Doi = {10.1007/s00233-007-9014-8},
	Fjournal = {Semigroup Forum},
	Issn = {0037-1912},
	Journal = {Semigroup Forum},
	Mrclass = {20M14},
	Mrnumber = {2377597 (2009c:20110)},
	Mrreviewer = {J. L. Chrislock},
	Number = {2},
	Pages = {379--384},
	Title = {Fibonacci-like behavior of the number of numerical semigroups of a given genus},
	Url = {http://dx.doi.org/10.1007/s00233-007-9014-8},
	Volume = {76},
	Year = {2008},
	Bdsk-File-1 = {YnBsaXN0MDDUAQIDBAUGJCVYJHZlcnNpb25YJG9iamVjdHNZJGFyY2hpdmVyVCR0b3ASAAGGoKgHCBMUFRYaIVUkbnVsbNMJCgsMDxJXTlMua2V5c1pOUy5vYmplY3RzViRjbGFzc6INDoACgAOiEBGABIAFgAdccmVsYXRpdmVQYXRoWWFsaWFzRGF0YV8QGi4uLy4uLy4uL2JpYi9NUjIzNzc1OTcucGRm0hcLGBlXTlMuZGF0YU8RAXQAAAAAAXQAAgAACU1hY2Jvb2tIRAAAAAAAAAAAAAAAAAAAAAAAAM2DKV9IKwAAAAslLA1NUjIzNzc1OTcucGRmAAAAAAAAAAAAAAAAAAAAAAAAAAAAAAAAAAAAAAAAAAAAAAAAAAAAAAAAAAAAAAAAAAAACym1zZBRDAAAAAAAAAAAAAMAAgAACSAAAAAAAAAAAAAAAAAAAAADYmliAAAQAAgAAM2DDT8AAAARAAgAAM2QNOwAAAABABAACyUsAAshpgAFMyMAAMAGAAIANE1hY2Jvb2tIRDpVc2VyczoAZnJvbWVudGluOgBzeW5jOgBiaWI6AE1SMjM3NzU5Ny5wZGYADgAcAA0ATQBSADIAMwA3ADcANQA5ADcALgBwAGQAZgAPABQACQBNAGEAYwBiAG8AbwBrAEgARAASACZVc2Vycy9mcm9tZW50aW4vc3luYy9iaWIvTVIyMzc3NTk3LnBkZgATAAEvAAAVAAIAEP//AACABtIbHB0eWiRjbGFzc25hbWVYJGNsYXNzZXNdTlNNdXRhYmxlRGF0YaMdHyBWTlNEYXRhWE5TT2JqZWN00hscIiNcTlNEaWN0aW9uYXJ5oiIgXxAPTlNLZXllZEFyY2hpdmVy0SYnVHJvb3SAAQAIABEAGgAjAC0AMgA3AEAARgBNAFUAYABnAGoAbABuAHEAcwB1AHcAhACOAKsAsAC4AjACMgI3AkICSwJZAl0CZAJtAnICfwKCApQClwKcAAAAAAAAAgEAAAAAAAAAKAAAAAAAAAAAAAAAAAAAAp4=}}

@article{Zhai,
	Author = {Zhai, A.},
	Coden = {SMGFAN},
	Date-Modified = {2014-11-03 09:06:03 +0000},
	Doi = {10.1007/s00233-012-9456-5},
	Fjournal = {Semigroup Forum},
	Issn = {0037-1912},
	Journal = {Semigroup Forum},
	Mrclass = {Preliminary Data},
	Mrnumber = {3053785},
	Number = {3},
	Pages = {634--662},
	Title = {Fibonacci-like growth of numerical semigroups of a given genus},
	Url = {http://dx.doi.org/10.1007/s00233-012-9456-5},
	Volume = {86},
	Year = {2013},
	Bdsk-Url-1 = {http://dx.doi.org/10.1007/s00233-012-9456-5}}

@book{BookDFP,
	Address = {Oxford},
	Author = {Ram{\'{\i}}rez Alfons{\'{\i}}n, J. L.},
	Date-Added = {2011-12-21 14:36:54 +0000},
	Date-Modified = {2014-11-03 09:12:28 +0000},
	Doi = {10.1093/acprof:oso/9780198568209.001.0001},
	Isbn = {978-0-19-856820-9; 0-19-856820-7},
	Mrclass = {11D72 (05A17 11D04 11Y50 20M14)},
	Mrnumber = {2260521 (2007i:11052)},
	Mrreviewer = {A. Sinan Sert{\"o}z},
	Pages = {xvi+243},
	Publisher = {Oxford University Press},
	Series = {Oxford Lecture Series in Mathematics and its Applications},
	Title = {The {D}iophantine {F}robenius problem},
	Url = {http://dx.doi.org/10.1093/acprof:oso/9780198568209.001.0001},
	Volume = {30},
	Year = {2005},
	Bdsk-File-1 = {YnBsaXN0MDDUAQIDBAUGJCVYJHZlcnNpb25YJG9iamVjdHNZJGFyY2hpdmVyVCR0b3ASAAGGoKgHCBMUFRYaIVUkbnVsbNMJCgsMDxJXTlMua2V5c1pOUy5vYmplY3RzViRjbGFzc6INDoACgAOiEBGABIAFgAdccmVsYXRpdmVQYXRoWWFsaWFzRGF0YV8QGi4uLy4uLy4uL2JpYi9NUjIyNjA1MjEucGRm0hcLGBlXTlMuZGF0YU8RAXQAAAAAAXQAAgAACU1hY2Jvb2tIRAAAAAAAAAAAAAAAAAAAAAAAAM2DKV9IKwAAAAslLA1NUjIyNjA1MjEucGRmAAAAAAAAAAAAAAAAAAAAAAAAAAAAAAAAAAAAAAAAAAAAAAAAAAAAAAAAAAAAAAAAAAAACym0zZBRCAAAAAAAAAAAAAMAAgAACSAAAAAAAAAAAAAAAAAAAAADYmliAAAQAAgAAM2DDT8AAAARAAgAAM2QNOgAAAABABAACyUsAAshpgAFMyMAAMAGAAIANE1hY2Jvb2tIRDpVc2VyczoAZnJvbWVudGluOgBzeW5jOgBiaWI6AE1SMjI2MDUyMS5wZGYADgAcAA0ATQBSADIAMgA2ADAANQAyADEALgBwAGQAZgAPABQACQBNAGEAYwBiAG8AbwBrAEgARAASACZVc2Vycy9mcm9tZW50aW4vc3luYy9iaWIvTVIyMjYwNTIxLnBkZgATAAEvAAAVAAIAEP//AACABtIbHB0eWiRjbGFzc25hbWVYJGNsYXNzZXNdTlNNdXRhYmxlRGF0YaMdHyBWTlNEYXRhWE5TT2JqZWN00hscIiNcTlNEaWN0aW9uYXJ5oiIgXxAPTlNLZXllZEFyY2hpdmVy0SYnVHJvb3SAAQAIABEAGgAjAC0AMgA3AEAARgBNAFUAYABnAGoAbABuAHEAcwB1AHcAhACOAKsAsAC4AjACMgI3AkICSwJZAl0CZAJtAnICfwKCApQClwKcAAAAAAAAAgEAAAAAAAAAKAAAAAAAAAAAAAAAAAAAAp4=}}

@misc{WikipediaDuff,
	Author = {Wikipedia},
	Date-Modified = {2014-10-24 16:05:29 +0000},
	Howpublished = {\url{http://en.wikipedia.org/wiki/Duff%27s_device}},
	Key = {Wikipedia},
	Organization = {Wikipedia},
	Title = {Duff's device},
	Year = {2014},
	Bdsk-Url-1 = {http://en.wikipedia.org/wiki/Duff%27s_device}}

@misc{WikipediaSIMD,
	Author = {Wikipedia},
	Date-Modified = {2014-10-24 16:03:01 +0000},
	Howpublished = {\url{http://en.wikipedia.org/wiki/SIMD}},
	Key = {Wikipedia},
	Organization = {Wikipedia},
	Title = {SIMD},
	Year = {2014},
	Bdsk-Url-1 = {http://en.wikipedia.org/wiki/SIMD}}

@misc{WikipediaSSE,
	Author = {Wikipedia},
	Date-Modified = {2014-10-24 16:02:53 +0000},
	Howpublished = {\url{http://en.wikipedia.org/wiki/Streaming_SIMD_Extensions}},
	Key = {Wikipedia},
	Organization = {Wikipedia},
	Title = {Streaming SIMD Extensions},
	Year = {2014},
	Bdsk-Url-1 = {http://en.wikipedia.org/wiki/Streaming_SIMD_Extensions}}

@misc{CilkIntel,
	Author = {Software.intel.com},
	Date-Modified = {2014-10-24 16:03:50 +0000},
	Howpublished = {\url{https://www.cilkplus.org/}},
	Title = {Intel\textregistered{} Cilk\texttrademark{} Homepage},
	Year = 2013,
	Bdsk-Url-1 = {https://www.cilkplus.org/}}

@manual{IntelSSE,
	Author = {Girkar, M.},
	Date-Modified = {2014-11-03 09:08:10 +0000},
	Organization = {Software.intel.com},
	Title = {Intel Instruction Set Architecture Extensions | Intel\textregistered{} Developer Zone},
	Year = 2013,
	Bdsk-Url-1 = {https://www.cilkplus.org/}}

@misc{CilkRefman,
	Author = {Software.intel.com},
	Date-Modified = {2014-10-24 16:03:43 +0000},
	Howpublished = {\url{https://software.intel.com/en-us/node/522579}},
	Title = {Intel\textregistered{} Cilk\texttrademark{} Plus Reference Guide},
	Year = 2013,
	Bdsk-Url-1 = {https://software.intel.com/en-us/node/522579}}

@inproceedings{GCCcilk,
	Author = {Iyer, B.V. and Geva, R. and Halpern, P.},
	Booktitle = {GNU Tools Cauldron},
	Date-Modified = {2014-11-03 09:05:36 +0000},
	Title = {Cilk\texttrademark{} Plus in GCC},
	Url = {http://gcc.gnu.org/wiki/cauldron2012?action=AttachFile&do=get&target=Cilkplus_GCC.pdf},
	Year = {2012},
	Bdsk-Url-1 = {http://gcc.gnu.org/wiki/cauldron2012?action=AttachFile&do=get&target=Cilkplus_GCC.pdf}}

@article{Blumofe:1999:SMC:324133.324234,
	Acmid = {324234},
	Address = {New York, NY, USA},
	Author = {Blumofe, R. D. and Leiserson, C. E.},
	Date-Modified = {2014-11-03 09:11:26 +0000},
	Doi = {10.1145/324133.324234},
	Issn = {0004-5411},
	Issue_Date = {Sept. 1999},
	Journal = {J. ACM},
	Keywords = {critical-path length, multiprocessor, multithreading, randomized algorithm, thread scheduling, work stealing},
	Month = sep,
	Number = {5},
	Numpages = {29},
	Pages = {720--748},
	Publisher = {ACM},
	Title = {Scheduling Multithreaded Computations by Work Stealing},
	Url = {http://doi.acm.org/10.1145/324133.324234},
	Volume = {46},
	Year = {1999},
	Bdsk-Url-1 = {http://doi.acm.org/10.1145/324133.324234},
	Bdsk-Url-2 = {http://dx.doi.org/10.1145/324133.324234}}
